@article{Sabbah_2016,
	doi = {10.1070/im8308},
	url = {https://doi.org/10.1070%2Fim8308},
	year = 2016,
	month = {02},
	publisher = {Steklov Mathematical Institute},
	volume = {80},
	number = {1},
	pages = {189--220},
	author = {Sabbah, C.},
	title = {Differential systems of pure Gaussian type},
	journal = {Izvestiya: Mathematics}
}

@article{Hertling-Sabbah_2011,
	doi = {10.1017/s147474801100003x},
	url = {https://doi.org/10.1017%2Fs147474801100003x},
	year = 2011,
	month = {03},
	publisher = {Cambridge University Press ({CUP})},
	volume = {10},
	number = {3},
	pages = {635--674},
	author = {Hertling, C. and Sabbah, C.},
	title = {Examples of non-commutative Hodge structures},
	journal = {Journal of the Institute of Mathematics of Jussieu}
}

@misc{mochistokes,
      title={Stokes shells and Fourier transforms}, 
      author={T. Mochizuki},
      year={2021},
      eprint={1808.01037},
      archivePrefix={arXiv},
      primaryClass={math.AG}
}

@book{Sabbah_StokesStructures,
	doi = {10.1007/978-3-642-31695-1},
	url = {https://doi.org/10.1007%2F978-3-642-31695-1},
	year = 2013,
	publisher = {Springer Berlin Heidelberg},
	author = {C. Sabbah},
	title = {Introduction to Stokes Structures}
}

@article{Hohl_Diss,
	doi = {10.1007/s00229-021-01281-y},
	url = {https://doi.org/10.1007%2Fs00229-021-01281-y},
	year = 2021,
	month = {04},
	publisher = {Springer Science and Business Media {LLC}},
	volume = {167},
	number = {3-4},
	pages = {435--467},
	author = {A. Hohl},
	title = {D-modules of pure Gaussian type and enhanced ind-sheaves},
	journal = {manuscripta mathematica}
}

@book{
    szamuely_2009, 
    place={Cambridge}, 
    series={Cambridge Studies in Advanced Mathematics}, 
    title={Galois Groups and Fundamental Groups}, 
    DOI={10.1017/CBO9780511627064}, 
    publisher={Cambridge University Press}, 
    author={Szamuely, T.}, 
    year={2009}, 
    collection={Cambridge Studies in Advanced Mathematics}
}

@book{
    schubert_1970,
    URL = {https://doi.org/10.1007/978-3-642-95156-5},
	year = 1970,
	publisher = {Springer Berlin Heidelberg},
	author = {H. Schubert},
	title = {Kategorien II}
}

% Zitat überprüfen!!
@incollection{Del,
    author = {P. Deligne} ,
    title = {Lettre à B. Malgrange du 19/4/1978},
    booktitle = {Singularités irrégulières, Correspondance et documents},
    publisher = {Documents mathématiques, vol. 5 Société Mathématique de France, Paris} ,
    year = {2007} 
}

@book{
    LinAlg,
    URL = {https://doi.org/10.1007/978-0-8176-4840-4},
    author = {T. A. Springer},
    publisher = {Birkhäuser Boston, MA},
    title = {Linear Algebraic Groups},
    year = {2008}
}

@book{
Hart,
URL = {https://doi.org/10.1007/978-1-4757-3849-0},
author = {Robin Hartshorne},
publisher = {Springer New York, NY},
title = {Algebraic Geometry},
year = {1977}
}
